@misc{sample_cite,
	title = {Sample title},
	url = {http://sample.org},
	urldate = {2022-10-26},
	publisher = {aca},
	author = {aca},
	month = sep,
	year = {2023},
	note = {},
	keywords = {sample, latex}
}
@book{knuth1984texbook,
	author    = {Donald E. Knuth},
	title     = {The TeXbook},
	year      = {1984},
	publisher = {Addison-Wesley},
}
@article{Shannon1948,
	author = {Shannon, Claude E.},
	title = {A Mathematical Theory of Communication},
	journal = {Bell System Technical Journal},
	volume = {27},
	number = {3},
	pages = {379--423, 623--656},
	year = {1948},
	doi = {10.1002/j.1538-7305.1948.tb00917.x}
}
@book{refbook2,
	author    = {Donald E. Knuth},
	title     = {The TeXbook},
	year      = {1984},
	publisher = {Addison-Wesley},
}
@article{Shannon19482,
	author = {Shannon, Claude E.},
	title = {A Mathematical Theory of Communication and Information Exchange},
	journal = {Bell System Technical Journal of IEEE},
	volume = {29},
	number = {3},
	pages = {379--423, 623--656},
	year = {1948},
	doi = {10.1002/j.1538-7305.1948.tb00917.x}
}

